@article{nau2003shp,
  title={{SHOP2: An HTN planning system}},
  author={Nau, D. and Au, T.C. and Ilghami, O. and Kuter, U. and Murdock, W. and Wu, D. and Yaman, F.},
  journal={Journal of Artificial Intelligence Research},
  volume={20},
  number={4},
  pages={379--404},
  year={2003}
}

@article{nau1999ssh,
  title={{SHOP: Simple Hierarchical Ordered Planner}},
  author={Nau, D.S. and Cao, Y. and Lotem, A. and Mu{\~n}oz-Avila, H.},
  journal={Proceedings of the Sixteenth International Joint Conference on Artificial Intelligence table of contents},
  pages={968--975},
  year={1999},
  publisher={Morgan Kaufmann Publishers Inc. San Francisco, CA, USA}
}

@book{nau2004apt,
  title={{Automated Planning: Theory \& Practice}},
  author={Nau, D.S. and Ghallab, M. and Traverso, P.},
  year={2004},
  publisher={Morgan Kaufmann; Elsevier Science}
}

@article{ilghami2003gas,
  title={{A general approach to synthesize problem-specific planners}},
  author={Ilghami, O. and Nau, D.S.},
  year={2003},
  publisher={Technical Report CS-TR-4597, Department of Computer Science, University of Maryland, October 2003}
}

@techreport{ilghami:dj,
  title={{Documentation for JSHOP2}},
  author={Ilghami, O.},
  institution={Technical Report CS-TR-4694, Department of Computer Science, University of Maryland, 2005}
}

@article{bacchus1996utl,
  title={{Using temporal logic to control search in a forward chaining planner}},
  author={Bacchus, F. and Kabanza, F.},
  journal={New Directions in AI Planning},
  pages={141--156},
  year={1996}
}
